@article{killercells,
    Author="Bettencourt, A.  and Silva, A. M.  and Carvalho, C.  and Leal, B.  and Santos, E.  and Costa, P. P.  and Silva, B. M. ",
    Title="{{T}he role of {K}{I}{R}2{D}{S}1 in multiple sclerosis--{K}{I}{R} in {P}ortuguese {M}{S} patients}",
    Journal="J Neuroimmunol",
    Year="2014",
    Volume="269",
    Number="1-2",
    Pages="52--55",
    Month="Apr"
 }
 @Article{vitaminA,
   Author="Bitarafan, S.  and Harirchian, M. H.  and Sahraian, M. A.  and Keramatipour, M.  and Beladi Moghadam, N.  and Togha, M.  and Nafissi, S.  and Siassi, F.  and Eshraghian, M. R.  and Mohammadzadeh Honarvar, N.  and Ansar, H.  and Talebi, S.  and Saboor-Yarghi, A. A. ",
   Title="{{I}mpact of vitamin {A} supplementation on {R}{A}{R} gene expression in multiple sclerosis patients}",
   Journal="J Mol Neurosci",
   Year="2013",
   Volume="51",
   Number="2",
   Pages="478--484",
   Month="Oct"
}
@Article{vitaminA2,
   Author="Saboor-Yaraghi, A. A.  and Harirchian, M. H.  and Mohammadzadeh Honarvar, N.  and Bitarafan, S.  and Abdolahi, M.  and Siassi, F.  and Salehi, E.  and Sahraian, M. A.  and Eshraghian, M. R.  and Roostaei, T.  and Koohdani, F. ",
   Title="{{T}he {E}ffect of {V}itamin {A} {S}upplementation on {F}ox{P}3 and {T}{G}{F}-β {G}ene {E}xpression in {A}vonex-{T}reated {M}ultiple {S}clerosis {P}atients}",
   Journal="J Mol Neurosci",
   Year="2015",
   Volume="56",
   Number="3",
   Pages="608--612",
   Month="Jul"
}
@Article{epbarr,
   Author="Wergeland, S.  and Myhr, K. M.  and Løken-Amsrud, K. I.  and Beiske, A. G.  and Bjerve, K. S.  and Hovdal, H.  and Midgard, R.  and Kvistad, S. S.  and Holmøy, T.  and Riise, T.  and Torkildsen, Ø. ",
   Title="{{V}itamin {D}, {H}{L}{A}-{D}{R}{B}1 and {E}pstein-{B}arr virus antibody levels in a prospective cohort of multiple sclerosis patients}",
   Journal="Eur J Neurol",
   Year="2016",
   Volume="23",
   Number="6",
   Pages="1064--1070",
   Month="06"
}
@Article{tcells,
   Author="Huss, D. J.  and Mehta, D. S.  and Sharma, A.  and You, X.  and Riester, K. A.  and Sheridan, J. P.  and Amaravadi, L. S.  and Elkins, J. S.  and Fontenot, J. D. ",
   Title="{{I}n vivo maintenance of human regulatory {T} cells during {C}{D}25 blockade}",
   Journal="J Immunol",
   Year="2015",
   Volume="194",
   Number="1",
   Pages="84--92",
   Month="Jan"
}
@online{accno,
   author={GenBank},
   title = {Accession Number prefixes: Where are the sequences from?},
   year = 2022,
   url = {https://www.ncbi.nlm.nih.gov/genbank/acc_prefix/},
   urldate = {2022-03-27}
}
@book{ortho,
  author         = {Massimo Gennarelli, Annamaria Cattaneo},
  title          = {International Review of Neurobiology},
  year           = {2010}
}